<record><leader>00000cas a2200000 a 4500</leader><controlfield tag="001">12206592</controlfield><controlfield tag="008">850627d18471854ohudn ne      0    0eng c</controlfield><datafield ind1=" " ind2=" " tag="010"><subfield code="a">sn 85026405 </subfield></datafield><datafield ind1=" " ind2=" " tag="040"><subfield code="a">NPX</subfield><subfield code="b">eng</subfield><subfield code="c">NPX</subfield><subfield code="d">DLC</subfield><subfield code="d">ONP</subfield><subfield code="d">DLC</subfield><subfield code="d">CUI</subfield><subfield code="d">OCLCQ</subfield><subfield code="d">OCLCF</subfield></datafield><datafield ind1="1" ind2=" " tag="029"><subfield code="a">AU@</subfield><subfield code="b">000020378035</subfield></datafield><datafield ind1=" " ind2=" " tag="042"><subfield code="a">pcc</subfield></datafield><datafield ind1=" " ind2=" " tag="043"><subfield code="a">n-us-oh</subfield></datafield><datafield ind1="0" ind2="0" tag="050"><subfield code="a">Newspaper</subfield></datafield><datafield ind1=" " ind2="4" tag="050"><subfield code="a">AN</subfield></datafield><datafield ind1="0" ind2=" " tag="130"><subfield code="a">Daily Ohio statesman (Columbus, Ohio : 1847)</subfield></datafield><datafield ind1="1" ind2="4" tag="245"><subfield code="a">The Daily Ohio statesman.</subfield></datafield><datafield ind1=" " ind2=" " tag="260"><subfield code="a">Columbus [Ohio] :</subfield><subfield code="b">S. Medary,</subfield><subfield code="c">1847-1854.</subfield></datafield><datafield ind1=" " ind2=" " tag="300"><subfield code="a">v.</subfield></datafield><datafield ind1=" " ind2=" " tag="310"><subfield code="a">Daily (except Sunday)</subfield></datafield><datafield ind1="0" ind2=" " tag="362"><subfield code="a">Vol. 1, no. 146 (Aug. 11, 1847)-v. 20, no. 45 (May 22, 1854).</subfield></datafield><datafield ind1=" " ind2=" " tag="500"><subfield code="a">Publishers: S. Medary, &lt;1848-1849&gt;; Cox, Spears &amp; Co., &lt;1854&gt;.</subfield></datafield><datafield ind1=" " ind2=" " tag="500"><subfield code="a">"Democratic."</subfield></datafield><datafield ind1=" " ind2=" " tag="515"><subfield code="a">Vol. 1, no. 1 (Aug. 11, 1847)-v. 5, no. 1630 (Apr. 11, 1853) called also new ser., no. 1-2089; issues for Apr. 12, 1853-Jan. 19, 1854 called new ser., v. 1, no. 10-new ser., v. 1, no. 249.</subfield></datafield><datafield ind1=" " ind2=" " tag="580"><subfield code="a">Semiweekly eds.: Semi-weekly Ohio statesman, (Columbus, Ohio : 1844), 1844-18uu; and: Semi-weekly Ohio statesman (Columbus, Ohio : 1852), 1852-18uu.</subfield></datafield><datafield ind1=" " ind2="0" tag="651"><subfield code="a">Columbus (Ohio)</subfield><subfield code="v">Newspapers.</subfield></datafield><datafield ind1=" " ind2="0" tag="651"><subfield code="a">Franklin County (Ohio)</subfield><subfield code="v">Newspapers.</subfield></datafield><datafield ind1=" " ind2="7" tag="655"><subfield code="a">Newspapers.</subfield><subfield code="2">fast</subfield><subfield code="0">(OCoLC)fst01423814</subfield></datafield><datafield ind1=" " ind2="7" tag="651"><subfield code="a">Ohio</subfield><subfield code="z">Columbus.</subfield><subfield code="2">fast</subfield><subfield code="0">(OCoLC)fst01205076</subfield></datafield><datafield ind1=" " ind2="7" tag="651"><subfield code="a">Ohio</subfield><subfield code="z">Franklin County.</subfield><subfield code="2">fast</subfield><subfield code="0">(OCoLC)fst01209686</subfield></datafield><datafield ind1=" " ind2=" " tag="752"><subfield code="a">United States</subfield><subfield code="b">Ohio</subfield><subfield code="c">Franklin</subfield><subfield code="d">Columbus.</subfield></datafield><datafield ind1="1" ind2=" " tag="775"><subfield code="t">Semi-weekly Ohio statesman (Columbus, Ohio : 1844)</subfield><subfield code="w">(DLC)sn 84028638</subfield><subfield code="w">(OCoLC)11281443</subfield></datafield><datafield ind1="1" ind2=" " tag="775"><subfield code="t">Semi-weekly Ohio statesman (Columbus, Ohio : 1852)</subfield><subfield code="w">(DLC)sn 84028647</subfield><subfield code="w">(OCoLC)11284766</subfield></datafield><datafield ind1="0" ind2=" " tag="775"><subfield code="t">Tri-weekly Ohio statesman (Columbus, Ohio : 1844)</subfield><subfield code="w">(DLC)sn 84028642</subfield><subfield code="w">(OCoLC)11284517</subfield></datafield><datafield ind1="0" ind2=" " tag="775"><subfield code="t">Weekly Ohio statesman</subfield><subfield code="w">(DLC)sn 84028639</subfield><subfield code="w">(OCoLC)11281954</subfield></datafield><datafield ind1="0" ind2="7" tag="785"><subfield code="t">Daily Ohio State Democrat</subfield><subfield code="w">(DLC)sn 85026406</subfield><subfield code="w">(OCoLC)12206623</subfield></datafield><datafield ind1="0" ind2="7" tag="785"><subfield code="t">Daily Ohio statesman and Democrat</subfield><subfield code="w">(DLC)sn 84028644</subfield><subfield code="w">(OCoLC)11284666</subfield></datafield></record>